@misc{2_breslau_2014, author={Breslau, Rod}, title={Report: More than 70 million people watch eSports worldwide}, url={http://www.ongamers.com/articles/report-more-than-70-million-people-watch-esports-worldwide/1100-1157/}, journal={onGamers}, year={2014}

@article{3_page_brin_1998, author={Page, Lawrence and Brin, Sergey}, title={The PageRank Citation Ranking: Bringing Order to the Web}, year={1998}

@misc{1_riot_games_2015, author={Riot Games,}, title={League of Legends Infographic}, url={http://majorleagueoflegends.s3.amazonaws.com/lol_infographic.png}, year={2015}

@misc{4_bloomberg_2015, author={Bloomberg,}, title={World Cup 2014 Predictions and Results - Bloomberg},[break] url={http://www.bloomberg.com/visual-data/world-cup/}, journal={Bloomberg}, year={2015}

@misc{6_championgg_2015, author={Champion.gg,}, title={Champion.gg - Cassiopeia Middle Stats, Builds, Runes, Masteries and Counters}, url={http://champion.gg/champion/Cassiopeia},[break] year={2015}

@misc{7_riot_games_2015, author={Riot Games,}, title={API Documentation - Riot Games API}, url={https://developer.riotgames.com/api/methods},[break] year={2015}

@misc{8_lolsummoners_2015, author={Lolsummoners.com,}, title={League of Legends Stats and Rankings | LOL Summoners}, url={http://www.lolsummoners.com/stats},[break] year={2015}

@misc{5_wikipedia_2015, author={Wikipedia,}, title={Machine learning}, url={http://en.wikipedia.org/wiki/Machine_learning}, year={2015}
